<?xml version="1.0" encoding="UTF-8"?><record xmlns="http://www.loc.gov/MARC21/slim" xmlns:cinclude="http://apache.org/cocoon/include/1.0" xmlns:zs="http://www.loc.gov/zing/srw/">
  <leader>00520cz  a2200121n  4500</leader>
  <controlfield tag="001">n  89634860 </controlfield>
  <controlfield tag="003">DLC</controlfield>
  <controlfield tag="005">19891106153945.1</controlfield>
  <controlfield tag="008">890615n| acannaab|          |n and |||  </controlfield>
  <datafield tag="010" ind1=" " ind2=" ">
    <subfield code="a">n  89634860 </subfield>
  </datafield>
  <datafield tag="040" ind1=" " ind2=" ">
    <subfield code="a">DLC</subfield>
    <subfield code="c">DLC</subfield>
    <subfield code="d">DLC</subfield>
  </datafield>
  <datafield tag="110" ind1="2" ind2="0">
    <subfield code="a">Criminal Justice Coordinating Council of Greater Cleveland</subfield>
  </datafield>
  <datafield tag="670" ind1=" " ind2=" ">
    <subfield code="a">nuc89-61180: Its 1971-1975 law enforcement and criminal justice ... 1970</subfield>
    <subfield code="b">(hdg. on OCl rept.: Criminal Justice Coordinating Council of Greater Cleveland; usage: Criminal Justice Coordinating Council of Greater Cleveland)</subfield>
  </datafield>
</record>